<record><leader>00000cas a2200000 a 4500</leader><controlfield tag="001">12961102</controlfield><controlfield tag="008">851231d18861898tnudr ne      0    0eng  </controlfield><datafield ind1=" " ind2=" " tag="010"><subfield code="a">sn 85042911 </subfield></datafield><datafield ind1=" " ind2=" " tag="040"><subfield code="a">DLC</subfield><subfield code="b">eng</subfield><subfield code="c">DLC</subfield><subfield code="d">TGN</subfield><subfield code="d">DLC</subfield><subfield code="d">CRL</subfield><subfield code="d">DLC</subfield><subfield code="d">OCLCQ</subfield><subfield code="d">OCLCF</subfield></datafield><datafield ind1="1" ind2=" " tag="029"><subfield code="a">AU@</subfield><subfield code="b">000020365461</subfield></datafield><datafield ind1=" " ind2=" " tag="042"><subfield code="a">pcc</subfield></datafield><datafield ind1=" " ind2=" " tag="043"><subfield code="a">n-us-tn</subfield></datafield><datafield ind1="0" ind2="0" tag="050"><subfield code="a">Newspaper</subfield></datafield><datafield ind1="0" ind2=" " tag="130"><subfield code="a">Knoxville journal (Knoxville, Tenn. : 1886 : Daily)</subfield></datafield><datafield ind1="1" ind2="4" tag="245"><subfield code="a">The Knoxville journal.</subfield></datafield><datafield ind1="1" ind2="3" tag="246"><subfield code="a">Daily journal</subfield></datafield><datafield ind1="1" ind2="7" tag="246"><subfield code="a">Knoxville daily journal</subfield></datafield><datafield ind1=" " ind2=" " tag="260"><subfield code="a">Knoxville, Tenn. :</subfield><subfield code="b">Rule &amp; Marfield,</subfield><subfield code="c">1886-1898.</subfield></datafield><datafield ind1=" " ind2=" " tag="300"><subfield code="a">v. :</subfield><subfield code="b">ill. (chiefly advertisements) ;</subfield><subfield code="c">56 cm.</subfield></datafield><datafield ind1=" " ind2=" " tag="310"><subfield code="a">Daily,</subfield><subfield code="b">June 10, 1889-June 29, 1898</subfield></datafield><datafield ind1=" " ind2=" " tag="321"><subfield code="a">Daily (except Monday),</subfield><subfield code="b">Apr. 14, 1886-June 9, 1889</subfield></datafield><datafield ind1="0" ind2=" " tag="362"><subfield code="a">Vol. 2, no. 41 (Apr. 14, 1886)-v. 14, no. 121 (June 29, 1898).</subfield></datafield><datafield ind1=" " ind2=" " tag="500"><subfield code="a">Publishers: Wm. Rule, 1888-1889; Journal Co., 1889-&lt;1897&gt;</subfield></datafield><datafield ind1=" " ind2=" " tag="500"><subfield code="a">Special "souvenir edition" published Oct. 7, 1890; "Easter souvenir edition" on Apr. 5, 1896.</subfield></datafield><datafield ind1=" " ind2=" " tag="530"><subfield code="a">Also issued on microfilm from the Library of Congress, Photoduplication Service, and Bell &amp; Howell, Micro Photo Div.</subfield></datafield><datafield ind1=" " ind2=" " tag="580"><subfield code="a">Merged with: Knoxville tribune (Knoxville, Tenn. : 1892 : Daily), to form: Journal and tribune (Knoxville, Tenn. : Daily).</subfield></datafield><datafield ind1=" " ind2=" " tag="588"><subfield code="a">Description based on: Vol. 10, no. 39 (Apr. 5, 1894).</subfield></datafield><datafield ind1=" " ind2=" " tag="588"><subfield code="a">Latest issue consulted: Vol. 11, no. 34 (Mar. 31, 1895).</subfield></datafield><datafield ind1=" " ind2="0" tag="651"><subfield code="a">Knoxville (Tenn.)</subfield><subfield code="v">Newspapers.</subfield></datafield><datafield ind1=" " ind2="0" tag="651"><subfield code="a">Knox County (Tenn.)</subfield><subfield code="v">Newspapers.</subfield></datafield><datafield ind1=" " ind2="7" tag="655"><subfield code="a">Newspapers.</subfield><subfield code="2">fast</subfield><subfield code="0">(OCoLC)fst01423814</subfield></datafield><datafield ind1=" " ind2="7" tag="651"><subfield code="a">Tennessee</subfield><subfield code="z">Knox County.</subfield><subfield code="2">fast</subfield><subfield code="0">(OCoLC)fst01215247</subfield></datafield><datafield ind1=" " ind2="7" tag="651"><subfield code="a">Tennessee</subfield><subfield code="z">Knoxville.</subfield><subfield code="2">fast</subfield><subfield code="0">(OCoLC)fst01206442</subfield></datafield><datafield ind1=" " ind2=" " tag="752"><subfield code="a">United States</subfield><subfield code="b">Tennessee</subfield><subfield code="c">Knox</subfield><subfield code="d">Knoxville.</subfield></datafield><datafield ind1="0" ind2=" " tag="775"><subfield code="t">Knoxville weekly journal (Knoxville, Tenn.)</subfield><subfield code="w">(DLC)sn 99065403</subfield><subfield code="w">(OCoLC)40815665</subfield></datafield><datafield ind1="0" ind2=" " tag="775"><subfield code="t">Knoxville journal (Knoxville, Tenn. : 1895 : Weekly)</subfield><subfield code="w">(DLC)sn 97065226</subfield><subfield code="w">(OCoLC)37575901</subfield></datafield><datafield ind1="0" ind2="0" tag="780"><subfield code="t">Knoxville daily journal</subfield><subfield code="w">(DLS)sn 97065227</subfield><subfield code="w">(OCoLC)37563669</subfield></datafield><datafield ind1="1" ind2="7" tag="785"><subfield code="t">Knoxville tribune (Knoxville, Tenn. : 1892 : Daily)</subfield><subfield code="w">(DLC)sn 83025708</subfield><subfield code="w">(OCoLC)9750511</subfield></datafield><datafield ind1="1" ind2="7" tag="785"><subfield code="t">Journal and tribune (Knoxville, Tenn. : Daily)</subfield><subfield code="w">(DLC)sn 85042913</subfield><subfield code="w">(OCoLC)12961173</subfield></datafield></record>